@inproceedings{jiang2018super,
  title={Super slomo: High quality estimation of multiple intermediate frames for video interpolation},
  author={Jiang, Huaizu and Sun, Deqing and Jampani, Varun and Yang, Ming-Hsuan and Learned-Miller, Erik and Kautz, Jan},
  booktitle={Proceedings of the IEEE conference on computer vision and pattern recognition},
  pages={9000--9008},
  year={2018}
}

@inproceedings{liu2017video,
  title={Video frame synthesis using deep voxel flow},
  author={Liu, Ziwei and Yeh, Raymond A and Tang, Xiaoou and Liu, Yiming and Agarwala, Aseem},
  booktitle={Proceedings of the IEEE International Conference on Computer Vision},
  pages={4463--4471},
  year={2017}
}

@inproceedings{li2020video,
  title={Video frame interpolation via residue refinement},
  author={Li, Haopeng and Yuan, Yuan and Wang, Qi},
  booktitle={ICASSP 2020-2020 IEEE International Conference on Acoustics, Speech and Signal Processing (ICASSP)},
  pages={2613--2617},
  year={2020},
  organization={IEEE}
}


@inproceedings{park2020bmbc,
  title={Bmbc: Bilateral motion estimation with bilateral cost volume for video interpolation},
  author={Park, Junheum and Ko, Keunsoo and Lee, Chul and Kim, Chang-Su},
  booktitle={European Conference on Computer Vision},
  pages={109--125},
  year={2020},
  organization={Springer}
}

@inproceedings{niklaus2017video1,
  title={Video frame interpolation via adaptive convolution},
  author={Niklaus, Simon and Mai, Long and Liu, Feng},
  booktitle={Proceedings of the IEEE Conference on Computer Vision and Pattern Recognition},
  pages={670--679},
  year={2017}
}

@inproceedings{niklaus2017video2,
  title={Video frame interpolation via adaptive separable convolution},
  author={Niklaus, Simon and Mai, Long and Liu, Feng},
  booktitle={Proceedings of the IEEE International Conference on Computer Vision},
  pages={261--270},
  year={2017}
}

@inproceedings{lee2020adacof,
  title={Adacof: Adaptive collaboration of flows for video frame interpolation},
  author={Lee, Hyeongmin and Kim, Taeoh and Chung, Tae-young and Pak, Daehyun and Ban, Yuseok and Lee, Sangyoun},
  booktitle={Proceedings of the IEEE/CVF Conference on Computer Vision and Pattern Recognition},
  pages={5316--5325},
  year={2020}
}


@article{cheng2021multiple,
  title={Multiple video frame interpolation via enhanced deformable separable convolution},
  author={Cheng, Xianhang and Chen, Zhenzhong},
  journal={IEEE Transactions on Pattern Analysis and Machine Intelligence},
  year={2021},
  publisher={IEEE}
}


@inproceedings{mildenhall2020nerf,
  title={Nerf: Representing scenes as neural radiance fields for view synthesis},
  author={Mildenhall, Ben and Srinivasan, Pratul P and Tancik, Matthew and Barron, Jonathan T and Ramamoorthi, Ravi and Ng, Ren},
  booktitle={European conference on computer vision},
  pages={405--421},
  year={2020},
  organization={Springer}
}

@article{sitzmann2020implicit,
  title={Implicit neural representations with periodic activation functions},
  author={Sitzmann, Vincent and Martel, Julien and Bergman, Alexander and Lindell, David and Wetzstein, Gordon},
  journal={Advances in Neural Information Processing Systems},
  volume={33},
  pages={7462--7473},
  year={2020}
}

@article{dupont2021coin,
  title={Coin: Compression with implicit neural representations},
  author={Dupont, Emilien and Goli{\'n}ski, Adam and Alizadeh, Milad and Teh, Yee Whye and Doucet, Arnaud},
  journal={arXiv preprint arXiv:2103.03123},
  year={2021}
}

@article{dupont2022coin++,
  title={COIN++: Data Agnostic Neural Compression},
  author={Dupont, Emilien and Loya, Hrushikesh and Alizadeh, Milad and Goli{\'n}ski, Adam and Teh, Yee Whye and Doucet, Arnaud},
  journal={arXiv preprint arXiv:2201.12904},
  year={2022}
}

@article{chen2021nerv,
  title={Nerv: Neural representations for videos},
  author={Chen, Hao and He, Bo and Wang, Hanyu and Ren, Yixuan and Lim, Ser Nam and Shrivastava, Abhinav},
  journal={Advances in Neural Information Processing Systems},
  volume={34},
  year={2021}
}

@article{rho2022neural,
  title={Neural Residual Flow Fields for Efficient Video Representations},
  author={Rho, Daniel and Cho, Junwoo and Ko, Jong Hwan and Park, Eunbyung},
  journal={arXiv preprint arXiv:2201.04329},
  year={2022}
}

@article{shangguan2022learning,
  title={Learning Cross-Video Neural Representations for High-Quality Frame Interpolation},
  author={Shangguan, Wentao and Sun, Yu and Gan, Weijie and Kamilov, Ulugbek S},
  journal={arXiv preprint arXiv:2203.00137},
  year={2022}
}

@article{chen2012real,
  title={Real-time optical flow estimation using multiple frame-straddling intervals},
  author={Chen, Lei and Yang, Hua and Takaki, Takeshi and Ishii, Idaku},
  journal={Journal of Robotics and Mechatronics},
  volume={24},
  number={4},
  pages={686--698},
  year={2012},
  publisher={Fuji Technology Press Ltd.}
}

@inproceedings{liu2008sift,
  title={Sift flow: Dense correspondence across different scenes},
  author={Liu, Ce and Yuen, Jenny and Torralba, Antonio and Sivic, Josef and Freeman, William T},
  booktitle={European conference on computer vision},
  pages={28--42},
  year={2008},
  organization={Springer}
}

@inproceedings{weinzaepfel2013deepflow,
  title={DeepFlow: Large displacement optical flow with deep matching},
  author={Weinzaepfel, Philippe and Revaud, Jerome and Harchaoui, Zaid and Schmid, Cordelia},
  booktitle={Proceedings of the IEEE international conference on computer vision},
  pages={1385--1392},
  year={2013}
}

@inproceedings{park2021asymmetric,
  title={Asymmetric bilateral motion estimation for video frame interpolation},
  author={Park, Junheum and Lee, Chul and Kim, Chang-Su},
  booktitle={Proceedings of the IEEE/CVF International Conference on Computer Vision},
  pages={14539--14548},
  year={2021}
}

@article{reda2022film,
  title={FILM: Frame Interpolation for Large Motion},
  author={Reda, Fitsum and Kontkanen, Janne and Tabellion, Eric and Sun, Deqing and Pantofaru, Caroline and Curless, Brian},
  journal={arXiv preprint arXiv:2202.04901},
  year={2022}
}

@inproceedings{su2017deep,
  title={Deep video deblurring for hand-held cameras},
  author={Su, Shuochen and Delbracio, Mauricio and Wang, Jue and Sapiro, Guillermo and Heidrich, Wolfgang and Wang, Oliver},
  booktitle={Proceedings of the IEEE Conference on Computer Vision and Pattern Recognition},
  pages={1279--1288},
  year={2017}
}

@inproceedings{sim2021xvfi,
  title={XVFI: Extreme video frame interpolation},
  author={Sim, Hyeonjun and Oh, Jihyong and Kim, Munchurl},
  booktitle={Proceedings of the IEEE/CVF International Conference on Computer Vision},
  pages={14489--14498},
  year={2021}
}

@inproceedings{mildenhall2020nerf,
  title={Nerf: Representing scenes as neural radiance fields for view synthesis},
  author={Mildenhall, Ben and Srinivasan, Pratul P and Tancik, Matthew and Barron, Jonathan T and Ramamoorthi, Ravi and Ng, Ren},
  booktitle={European conference on computer vision},
  pages={405--421},
  year={2020},
  organization={Springer}
}

@inproceedings{li2021neural,
  title={Neural scene flow fields for space-time view synthesis of dynamic scenes},
  author={Li, Zhengqi and Niklaus, Simon and Snavely, Noah and Wang, Oliver},
  booktitle={Proceedings of the IEEE/CVF Conference on Computer Vision and Pattern Recognition},
  pages={6498--6508},
  year={2021}
}

@article{shangguan2022learning,
  title={Learning Cross-Video Neural Representations for High-Quality Frame Interpolation},
  author={Shangguan, Wentao and Sun, Yu and Gan, Weijie and Kamilov, Ulugbek S},
  journal={arXiv preprint arXiv:2203.00137},
  year={2022}
}

@inproceedings{yoon2020novel,
  title={Novel view synthesis of dynamic scenes with globally coherent depths from a monocular camera},
  author={Yoon, Jae Shin and Kim, Kihwan and Gallo, Orazio and Park, Hyun Soo and Kautz, Jan},
  booktitle={Proceedings of the IEEE/CVF Conference on Computer Vision and Pattern Recognition},
  pages={5336--5345},
  year={2020}
}

@inproceedings{jiang2021learning,
  title={Learning to estimate hidden motions with global motion aggregation},
  author={Jiang, Shihao and Campbell, Dylan and Lu, Yao and Li, Hongdong and Hartley, Richard},
  booktitle={Proceedings of the IEEE/CVF International Conference on Computer Vision},
  pages={9772--9781},
  year={2021}
}
